@article{1,
  shorthand = {1},
  sortname = {1},
  author = {Ehresmann, C.},
  title = {Espèces de structures locales; élargissements de catégories},
  journal = {Séminaire Ehresmann. Topologie et géométrie différentielle},
  volume = {III},
  year = {1961},
  note = {Jahres. Deutsch. Math. Ver. {\bf60} (1957), p.~49},
}

@article{2,
  shorthand = {2},
  sortname = {2},
  author = {Ehresmann, C.},
  title = {Catégorie des foncteurs types},
  journal = {Revista de la Unión Matemática Argentina},
  volume = {20},
  year = {1960},
  pages = {194--209},
}

@article{3,
  shorthand = {3},
  sortname = {3},
  author = {Ehresmann, C.},
  title = {Catégories topologiques et catégories différentiables},
  journal = {Colloque de Géométrie différentielle globale, Bruxelles, Centre Belge de Recherches Mathématiques},
  year = {1959},
  pages = {137--150},
}

@article{CW63,
  shorthand = {CW.63},
  sortname = {CW63},
  author = {Ehresmann, C.},
  title = {Catégories structurées},
  journal = {Annales scientifiques de l'École normale supérieure},
  volume = {80},
  year = {1963},
  pages = {349--426},
}

@article{CW73,
  shorthand = {CW.73},
  sortname = {CW73},
  author = {Ehresmann, C.},
  title = {Cohomologie sur une catégorie},
  journal = {Comptes rendus de l'Académie des Sciences},
  volume = {259},
  year = {1964},
  pages = {1683--1686},
}

@book{CW122,
  shorthand = {CW.122},
  sortname = {CW122},
  author = {Ehresmann, C.},
  title = {Catégories et structures},
  publisher = {Dunod},
  year = {1965},
}
