@article{1,
  author = {Bénabou, J.},
  title = {Catégories avec multiplication},
  journal = {C. R. Acad. Sc.},
  volume = {256},
  year = {1963},
  pages = {1887},
}

@book{2,
  author = {Grothendieck, A. and Dieudonné, J.},
  title = {Éléments de Géométrie Algébrique, III},
  publisher = {Institut des Hautes Études Scientifiques},
  year = {1961},
}
